@book{terzidis2006,
author = {Terzidis, Kostas},
publisher = {Elsevier Architectural Press},
title = {{Algorithmic architecture}},
year = {2006},
keywords = {algorithmic}
}

@book{Carpo2011,
address = {Cambridge, MA},
author = {Carpo, Mario},
publisher = {MIT Press},
title = {{The alphabet and the algorithm}},
year = {2011},
keywords = {intro, required}
}

@book{Picon2010,
address = {Boston, MA},
author = {Picon, Antoine},
isbn = {9783034602594},
pages = {224},
publisher = {Birkhaeuser},
title = {{Digital culture in architecture: an introduction for the design professions}},
year = {2010}
}

@book{tedeschi2014aad,
author = {Tedeschi, A},
isbn = {9788895315300},
publisher = {Le Penseur},
title = {{AAD Algorithms-aided Design: Parametric Strategies Using Grasshopper}},
year = {2014},
keywords = {algorithmic, required}
}

@book{choma2015morphing,
author = {Choma, J},
isbn = {9781780674131},
publisher = {Laurence King Publishing},
title = {{Morphing: A Guide to Mathematical Transformations for Architects and Designers}},
year = {2015},
keywords = {procedural, required}
}

%@book{cache2011projectiles,
%author = {Cache, B and Barrett, C},
%isbn = {9781902902883},
%publisher = {Architectural Association},
%series = {AA words},
%title = {{Projectiles}},
%year = {2011},
%keywords = {procedural}
%}

@book{thompson2007manufacturing,
author = {Thompson, R},
isbn = {9780500513750},
publisher = {Thames {\&} Hudson},
title = {{Manufacturing Processes for Design Professionals}},
year = {2007},
keywords = {fabrication}
}

@book{beorkrem2013material,
author = {Beorkrem, C},
isbn = {9781136231735},
publisher = {Taylor {\&} Francis},
title = {{Material Strategies in Digital Fabrication}},
year = {2013},
keywords = {fabrication}
}

@book{dunn2012digital,
  title={Digital Fabrication in Architecture},
  author={Dunn, Nick},
  isbn={9781856698917},
  year={2012},
  publisher={Laurence King Publishing}
}

@book{schodek2004digital,
  title={Digital Design and Manufacturing: CAD/CAM Applications in Architecture and Design},
  author={Schodek, D. and Bechthold, M. and Griggs, J.K. and Kao, K. and Steinberg, M.},
  isbn={9780471456360},
  lccn={2004014940},
  year={2004},
  publisher={Wiley}
}

@book{stevens2015digital,
  title={Digital Vernacular: Architectural Principles, Tools, and Processes},
  author={Stevens, J. and Nelson, R.},
  isbn={9781317548430},
  series={EBL-Schweitzer},
  year={2015},
  publisher={Taylor \& Francis}
}

@book{Deussen2010,
author = {Deussen, Oliver and Lintermann, Bernd},
doi = {10.1007/b138606},
isbn = {978-3642073632},
publisher = {Springer},
title = {{Digital Design of Nature: Computer Generated Plants and Organics}},
year = {2010},
keywords = {plants}
}

@book{Anderson2010,
  title={Geomorphology: the mechanics and chemistry of landscapes},
  author={Anderson, Robert S and Anderson, Suzanne P},
  year={2010},
  publisher={Cambridge University Press}
}

@book{belsey2002poststructuralism,
  title={Poststructuralism: A very short introduction},
  author={Belsey, Catherine},
  year={2002},
  publisher={OUP Oxford}
}

@book{barthes1978image,
  title={Image-music-text},
  author={Barthes, Roland},
  year={1978},
  publisher={Macmillan}
}

@book{goudie2010landscapes,
  title={Landscapes and Geomorphology: A very short introduction},
  author={Goudie, Andrew and Viles, Heather},
  volume={240},
  year={2010},
  publisher={Oxford University Press}
}

@book{neteler2013open,
  title={Open source GIS: a GRASS GIS approach},
  author={Neteler, Markus and Mitasova, Helena},
  volume={689},
  year={2013},
  publisher={Springer Science \& Business Media}
}

@book{petrasova2018tangible,
  title={Tangible modeling with open source GIS},
  author={Petrasova, Anna and Harmon, Brendan and Petras, Vaclav and Tabrizian, Payam and Mitasova, Helena},
  year={2018},
  publisher={Springer}
}

@book{bohnacker2012generative,
  title={Generative design: visualize, program, and create with processing},
  author={Bohnacker, Hartmut and Gross, Benedikt and Laub, Julia and Lazzeroni, Claudius},
  year={2012},
  publisher={Princeton Architectural Press}
}
